@article{Valente1999,
  author = {Wagner Rodrigues Valente},
  title = {Há 150 Anos Uma Querela sobre a Geometria Elementar 
          no {B}rasil},
  subtitle = {algumas Cenas dos Bastidores da Produção do 
              Saber Escolar},
  journal = {BOLEMA},
  year = {199},
  volume = {12},
  issue = {13},
  pages = {44--61}
}
@book{Guidorizzi2008,
  title={Um curso de Cálculo},
  author={Hamilton Luiz Guidorizzi},
  year= {2008},
  edition= {5},
  publisher= {LTC},
  address= {Rio de Janeiro}
}